@book{ Levy1984, 
author= {Levy, Steven}, 
title = {Hackers, Heroes of the Computer Revolution},
year = {1984},
publisher = {Anchor Press/Doubleday}
},